{
 "items": {
  "BTCUSDC": [
   {
    "orderId": 3920898603,
    "price": 100666.98,
    "quantity": 0.01986,
    "timestamp": 1737982591866,
    "side": "BUY"
   },
   {
    "orderId": 4171489567,
    "price": 94143.35,
    "quantity": 0.01059,
    "timestamp": 1740411591680,
    "side": "BUY"
   },
   {
    "orderId": 4833330051,
    "price": 79331.37,
    "quantity": 0.0126,
    "timestamp": 1744299784238,
    "side": "BUY"
   },
   {
    "orderId": 4939030979,
    "price": 91790.84,
    "quantity": 0.012,
    "timestamp": 1745356939188,
    "side": "SELL"
   },
   {
    "orderId": 4957103949,
    "price": 92023.57,
    "quantity": 0.02163,
    "timestamp": 1745483294926,
    "side": "BUY"
   },
   {
    "orderId": 4961237823,
    "price": 93010.02,
    "quantity": 0.10716,
    "timestamp": 1745514899838,
    "side": "BUY"
   },
   {
    "orderId": 4972165753,
    "price": 95424.03,
    "quantity": 0.12575,
    "timestamp": 1745599329940,
    "side": "SELL"
   },
   {
    "orderId": 4989665098,
    "price": 95388.02,
    "quantity": 0.00335,
    "timestamp": 1745845302697,
    "side": "SELL"
   },
   {
    "orderId": 5797943424,
    "price": 117961.89,
    "quantity": 0.0085,
    "timestamp": 1752213717007,
    "side": "BUY"
   },
   {
    "orderId": 5797948773,
    "price": 118016.14,
    "quantity": 0.0085,
    "timestamp": 1752213731968,
    "side": "BUY"
   },
   {
    "orderId": 5797952747,
    "price": 117965.99,
    "quantity": 0.0085,
    "timestamp": 1752213746934,
    "side": "BUY"
   },
   {
    "orderId": 5797956728,
    "price": 117972.28,
    "quantity": 0.0085,
    "timestamp": 1752213761903,
    "side": "BUY"
   },
   {
    "orderId": 5797958718,
    "price": 117965.0,
    "quantity": 0.0085,
    "timestamp": 1752213777301,
    "side": "BUY"
   },
   {
    "orderId": 5797963053,
    "price": 117989.99,
    "quantity": 0.0085,
    "timestamp": 1752213792227,
    "side": "BUY"
   },
   {
    "orderId": 5797966578,
    "price": 117992.01,
    "quantity": 0.0085,
    "timestamp": 1752213807180,
    "side": "BUY"
   },
   {
    "orderId": 5797969654,
    "price": 117993.99,
    "quantity": 0.0085,
    "timestamp": 1752213822096,
    "side": "BUY"
   },
   {
    "orderId": 5797976910,
    "price": 118105.88,
    "quantity": 0.0085,
    "timestamp": 1752213837909,
    "side": "BUY"
   },
   {
    "orderId": 5797981050,
    "price": 118100.01,
    "quantity": 0.0085,
    "timestamp": 1752213852841,
    "side": "BUY"
   },
   {
    "orderId": 5797986015,
    "price": 118106.01,
    "quantity": 0.0085,
    "timestamp": 1752213867784,
    "side": "BUY"
   },
   {
    "orderId": 5797988137,
    "price": 118105.99,
    "quantity": 0.0085,
    "timestamp": 1752213882693,
    "side": "BUY"
   },
   {
    "orderId": 5797991385,
    "price": 118066.02,
    "quantity": 0.0085,
    "timestamp": 1752213898481,
    "side": "BUY"
   },
   {
    "orderId": 5797995089,
    "price": 118056.17,
    "quantity": 0.0085,
    "timestamp": 1752213913905,
    "side": "BUY"
   },
   {
    "orderId": 5798000441,
    "price": 118088.25,
    "quantity": 0.0067,
    "timestamp": 1752213943658,
    "side": "BUY"
   },
   {
    "orderId": 5798004288,
    "price": 118152.0,
    "quantity": 0.0085,
    "timestamp": 1752213959036,
    "side": "BUY"
   },
   {
    "orderId": 5798017201,
    "price": 118238.67,
    "quantity": 0.0085,
    "timestamp": 1752214003965,
    "side": "BUY"
   },
   {
    "orderId": 5798032491,
    "price": 118420.02,
    "quantity": 0.0083,
    "timestamp": 1752214033330,
    "side": "BUY"
   },
   {
    "orderId": 5798040589,
    "price": 118415.23,
    "quantity": 0.0083,
    "timestamp": 1752214048696,
    "side": "BUY"
   },
   {
    "orderId": 5798384224,
    "price": 118222.01,
    "quantity": 0.08467,
    "timestamp": 1752225424433,
    "side": "SELL"
   },
   {
    "orderId": 5799333013,
    "price": 117767.99,
    "quantity": 0.0085,
    "timestamp": 1752221408552,
    "side": "BUY"
   },
   {
    "orderId": 5799343395,
    "price": 117723.44,
    "quantity": 0.0085,
    "timestamp": 1752221474945,
    "side": "BUY"
   },
   {
    "orderId": 5799345752,
    "price": 117725.79,
    "quantity": 0.0085,
    "timestamp": 1752221501005,
    "side": "BUY"
   },
   {
    "orderId": 5799370094,
    "price": 117835.35,
    "quantity": 0.0085,
    "timestamp": 1752221672129,
    "side": "BUY"
   },
   {
    "orderId": 5799371400,
    "price": 117837.99,
    "quantity": 0.0085,
    "timestamp": 1752221702280,
    "side": "BUY"
   },
   {
    "orderId": 5799379044,
    "price": 117837.99,
    "quantity": 0.0085,
    "timestamp": 1752221772161,
    "side": "BUY"
   },
   {
    "orderId": 5799380843,
    "price": 117832.0,
    "quantity": 0.0085,
    "timestamp": 1752221791824,
    "side": "BUY"
   },
   {
    "orderId": 5799383936,
    "price": 117825.02,
    "quantity": 0.0068,
    "timestamp": 1752221811450,
    "side": "BUY"
   },
   {
    "orderId": 5800149426,
    "price": 118546.62,
    "quantity": 0.0084,
    "timestamp": 1752227632753,
    "side": "SELL"
   },
   {
    "orderId": 5800165846,
    "price": 118554.0,
    "quantity": 0.08437,
    "timestamp": 1752227863761,
    "side": "SELL"
   },
   {
    "orderId": 5801274827,
    "price": 117938.74,
    "quantity": 0.0085,
    "timestamp": 1752236695585,
    "side": "BUY"
   },
   {
    "orderId": 5801279308,
    "price": 117902.33,
    "quantity": 0.0085,
    "timestamp": 1752236739575,
    "side": "BUY"
   },
   {
    "orderId": 5801281998,
    "price": 117887.82,
    "quantity": 0.0085,
    "timestamp": 1752236754776,
    "side": "BUY"
   },
   {
    "orderId": 5801283711,
    "price": 117915.07,
    "quantity": 0.0085,
    "timestamp": 1752236769954,
    "side": "BUY"
   },
   {
    "orderId": 5801284101,
    "price": 117915.07,
    "quantity": 0.0085,
    "timestamp": 1752236785134,
    "side": "BUY"
   },
   {
    "orderId": 5801285669,
    "price": 117912.0,
    "quantity": 0.0085,
    "timestamp": 1752236800295,
    "side": "BUY"
   },
   {
    "orderId": 5801287197,
    "price": 117894.31,
    "quantity": 0.0085,
    "timestamp": 1752236815494,
    "side": "BUY"
   },
   {
    "orderId": 5801289379,
    "price": 117853.95328235,
    "quantity": 0.0085,
    "timestamp": 1752236830713,
    "side": "BUY"
   },
   {
    "orderId": 5801293145,
    "price": 117846.05,
    "quantity": 0.0085,
    "timestamp": 1752236860518,
    "side": "BUY"
   },
   {
    "orderId": 5801296135,
    "price": 117800.02,
    "quantity": 0.0085,
    "timestamp": 1752236875676,
    "side": "BUY"
   },
   {
    "orderId": 5801298756,
    "price": 117799.7,
    "quantity": 0.0085,
    "timestamp": 1752236905582,
    "side": "BUY"
   },
   {
    "orderId": 5801303940,
    "price": 117784.03,
    "quantity": 0.0085,
    "timestamp": 1752236966292,
    "side": "BUY"
   },
   {
    "orderId": 5801306849,
    "price": 117785.98,
    "quantity": 0.0085,
    "timestamp": 1752237010770,
    "side": "BUY"
   },
   {
    "orderId": 5801308781,
    "price": 117794.13,
    "quantity": 0.0065,
    "timestamp": 1752237041455,
    "side": "BUY"
   },
   {
    "orderId": 5806827391,
    "price": 118050.0,
    "quantity": 0.04237,
    "timestamp": 1752264757171,
    "side": "SELL"
   },
   {
    "orderId": 5806896094,
    "price": 117946.01,
    "quantity": 0.04286,
    "timestamp": 1752265299115,
    "side": "SELL"
   },
   {
    "orderId": 5818456624,
    "price": 118718.02,
    "quantity": 0.0337,
    "timestamp": 1752430009799,
    "side": "BUY"
   },
   {
    "orderId": 5818461800,
    "price": 118740.97,
    "quantity": 0.03369,
    "timestamp": 1752430071622,
    "side": "SELL"
   },
   {
    "orderId": 5818467689,
    "price": 118837.99,
    "quantity": 0.03368,
    "timestamp": 1752430612049,
    "side": "SELL"
   },
   {
    "orderId": 5818683991,
    "price": 119057.02,
    "quantity": 0.03357,
    "timestamp": 1752433442576,
    "side": "SELL"
   },
   {
    "orderId": 5824931321,
    "price": 122410.41,
    "quantity": 0.01225,
    "timestamp": 1752474073421,
    "side": "SELL"
   },
   {
    "orderId": 5910645042,
    "price": 117080.4,
    "quantity": 0.03416,
    "timestamp": 1753154219735,
    "side": "BUY"
   },
   {
    "orderId": 5912574512,
    "price": 118556.02,
    "quantity": 0.03373,
    "timestamp": 1753177301980,
    "side": "SELL"
   },
   {
    "orderId": 6195175829,
    "price": 110083.23,
    "quantity": 0.0025,
    "timestamp": 1756183164652,
    "side": "BUY"
   },
   {
    "orderId": 6195176385,
    "price": 110080.06,
    "quantity": 0.0091,
    "timestamp": 1756183174900,
    "side": "BUY"
   },
   {
    "orderId": 6195176874,
    "price": 110080.06,
    "quantity": 0.0091,
    "timestamp": 1756183185051,
    "side": "BUY"
   },
   {
    "orderId": 6195177255,
    "price": 110080.06,
    "quantity": 0.0091,
    "timestamp": 1756183195308,
    "side": "BUY"
   },
   {
    "orderId": 6195178661,
    "price": 110082.01,
    "quantity": 0.0091,
    "timestamp": 1756183205601,
    "side": "BUY"
   },
   {
    "orderId": 6195179660,
    "price": 110094.0,
    "quantity": 0.0091,
    "timestamp": 1756183215698,
    "side": "BUY"
   },
   {
    "orderId": 6195180025,
    "price": 110094.0,
    "quantity": 0.0067,
    "timestamp": 1756183225952,
    "side": "BUY"
   },
   {
    "orderId": 6195180999,
    "price": 110092.25,
    "quantity": 0.0091,
    "timestamp": 1756183236209,
    "side": "BUY"
   },
   {
    "orderId": 6195182691,
    "price": 110105.78,
    "quantity": 0.0091,
    "timestamp": 1756183256173,
    "side": "BUY"
   },
   {
    "orderId": 6195185251,
    "price": 110116.67917582,
    "quantity": 0.0091,
    "timestamp": 1756183286232,
    "side": "BUY"
   },
   {
    "orderId": 6195186418,
    "price": 110132.01,
    "quantity": 0.0091,
    "timestamp": 1756183305925,
    "side": "BUY"
   },
   {
    "orderId": 6195187862,
    "price": 110092.01,
    "quantity": 0.0091,
    "timestamp": 1756183316021,
    "side": "BUY"
   },
   {
    "orderId": 6195188655,
    "price": 110092.01,
    "quantity": 0.0091,
    "timestamp": 1756183335739,
    "side": "BUY"
   },
   {
    "orderId": 6195189031,
    "price": 110093.53,
    "quantity": 0.0091,
    "timestamp": 1756183345852,
    "side": "BUY"
   },
   {
    "orderId": 6195190141,
    "price": 110114.0,
    "quantity": 0.0091,
    "timestamp": 1756183355989,
    "side": "BUY"
   },
   {
    "orderId": 6195191887,
    "price": 110082.65,
    "quantity": 0.0091,
    "timestamp": 1756183375725,
    "side": "BUY"
   },
   {
    "orderId": 6195192717,
    "price": 110071.88,
    "quantity": 0.0054,
    "timestamp": 1756183385833,
    "side": "BUY"
   },
   {
    "orderId": 6216061224,
    "price": 113179.68,
    "quantity": 0.0088,
    "timestamp": 1756370671898,
    "side": "SELL"
   },
   {
    "orderId": 6224526402,
    "price": 110851.17849438,
    "quantity": 0.0089,
    "timestamp": 1756470628471,
    "side": "BUY"
   },
   {
    "orderId": 6224540431,
    "price": 111013.11,
    "quantity": 0.0089,
    "timestamp": 1756470648799,
    "side": "BUY"
   },
   {
    "orderId": 6224541268,
    "price": 111055.59613483,
    "quantity": 0.0089,
    "timestamp": 1756470650508,
    "side": "BUY"
   },
   {
    "orderId": 6224547318,
    "price": 111238.0,
    "quantity": 0.0089,
    "timestamp": 1756470658824,
    "side": "BUY"
   },
   {
    "orderId": 6224547858,
    "price": 111224.03,
    "quantity": 0.0089,
    "timestamp": 1756470660431,
    "side": "BUY"
   },
   {
    "orderId": 6225089512,
    "price": 110550.54,
    "quantity": 0.0089,
    "timestamp": 1756473671245,
    "side": "BUY"
   },
   {
    "orderId": 6225130132,
    "price": 110592.01,
    "quantity": 0.0015,
    "timestamp": 1756474114893,
    "side": "BUY"
   },
   {
    "orderId": 6258140108,
    "price": 110788.98,
    "quantity": 0.0089,
    "timestamp": 1756832990384,
    "side": "SELL"
   },
   {
    "orderId": 6258238002,
    "price": 110716.0,
    "quantity": 0.0089,
    "timestamp": 1756833755625,
    "side": "SELL"
   },
   {
    "orderId": 6264048720,
    "price": 111540.0,
    "quantity": 0.0077,
    "timestamp": 1756900047078,
    "side": "SELL"
   },
   {
    "orderId": 6278184102,
    "price": 111598.01,
    "quantity": 0.01795,
    "timestamp": 1757049476044,
    "side": "SELL"
   },
   {
    "orderId": 6279735436,
    "price": 112222.0,
    "quantity": 0.0088,
    "timestamp": 1757065190953,
    "side": "SELL"
   },
   {
    "orderId": 6279736033,
    "price": 112225.64,
    "quantity": 0.0088,
    "timestamp": 1757065201282,
    "side": "SELL"
   },
   {
    "orderId": 6279736365,
    "price": 112237.99,
    "quantity": 0.0057,
    "timestamp": 1757065203174,
    "side": "SELL"
   },
   {
    "orderId": 6279736814,
    "price": 112241.81,
    "quantity": 0.0054,
    "timestamp": 1757065208504,
    "side": "SELL"
   },
   {
    "orderId": 6279737567,
    "price": 112253.37,
    "quantity": 0.0088,
    "timestamp": 1757065212722,
    "side": "SELL"
   },
   {
    "orderId": 6279738218,
    "price": 112267.99,
    "quantity": 0.0048,
    "timestamp": 1757065213893,
    "side": "SELL"
   },
   {
    "orderId": 6279738841,
    "price": 112273.99,
    "quantity": 0.0045,
    "timestamp": 1757065219257,
    "side": "SELL"
   },
   {
    "orderId": 6279739036,
    "price": 112273.99,
    "quantity": 0.0088,
    "timestamp": 1757065222984,
    "side": "SELL"
   },
   {
    "orderId": 6279739081,
    "price": 112273.99,
    "quantity": 0.004,
    "timestamp": 1757065224630,
    "side": "SELL"
   },
   {
    "orderId": 6279739367,
    "price": 112273.99,
    "quantity": 0.0038,
    "timestamp": 1757065230038,
    "side": "SELL"
   },
   {
    "orderId": 6279740321,
    "price": 112245.93,
    "quantity": 0.0088,
    "timestamp": 1757065233638,
    "side": "SELL"
   },
   {
    "orderId": 6279740540,
    "price": 112236.0,
    "quantity": 0.0032,
    "timestamp": 1757065235402,
    "side": "SELL"
   },
   {
    "orderId": 6279742201,
    "price": 112216.0,
    "quantity": 0.0088,
    "timestamp": 1757065244842,
    "side": "SELL"
   },
   {
    "orderId": 6279743027,
    "price": 112209.28,
    "quantity": 0.0088,
    "timestamp": 1757065255134,
    "side": "SELL"
   },
   {
    "orderId": 6279743646,
    "price": 112209.53,
    "quantity": 0.0088,
    "timestamp": 1757065265321,
    "side": "SELL"
   },
   {
    "orderId": 6279744316,
    "price": 112209.53,
    "quantity": 0.0088,
    "timestamp": 1757065275536,
    "side": "SELL"
   },
   {
    "orderId": 6279745754,
    "price": 112235.68,
    "quantity": 0.0088,
    "timestamp": 1757065285798,
    "side": "SELL"
   },
   {
    "orderId": 6279746451,
    "price": 112235.99,
    "quantity": 0.0088,
    "timestamp": 1757065296059,
    "side": "SELL"
   },
   {
    "orderId": 6279747003,
    "price": 112235.99,
    "quantity": 0.0088,
    "timestamp": 1757065307164,
    "side": "SELL"
   },
   {
    "orderId": 6279748031,
    "price": 112216.4,
    "quantity": 0.0083,
    "timestamp": 1757065318096,
    "side": "SELL"
   },
   {
    "orderId": 6574471302,
    "price": 121854.13,
    "quantity": 0.0023,
    "timestamp": 1759852722761,
    "side": "BUY"
   },
   {
    "orderId": 6574472564,
    "price": 121850.01,
    "quantity": 0.0022,
    "timestamp": 1759852727986,
    "side": "BUY"
   },
   {
    "orderId": 6574473037,
    "price": 121850.01,
    "quantity": 0.0022,
    "timestamp": 1759852731008,
    "side": "BUY"
   },
   {
    "orderId": 6574473811,
    "price": 121850.01,
    "quantity": 0.0022,
    "timestamp": 1759852734015,
    "side": "BUY"
   },
   {
    "orderId": 6574474738,
    "price": 121834.96,
    "quantity": 0.002,
    "timestamp": 1759852737022,
    "side": "BUY"
   },
   {
    "orderId": 6616284898,
    "price": 118977.05,
    "quantity": 0.0016,
    "timestamp": 1760112410919,
    "side": "BUY"
   },
   {
    "orderId": 6620820873,
    "price": 116612.0849596,
    "quantity": 0.0099,
    "timestamp": 1760125231060,
    "side": "BUY"
   },
   {
    "orderId": 6659098199,
    "price": 114033.64,
    "quantity": 0.0013,
    "timestamp": 1760285129630,
    "side": "BUY"
   },
   {
    "orderId": 6685431938,
    "price": 113120.01,
    "quantity": 0.002,
    "timestamp": 1760419792984,
    "side": "BUY"
   },
   {
    "orderId": 6691694655,
    "price": 111457.63,
    "quantity": 0.0117,
    "timestamp": 1760443223405,
    "side": "BUY"
   },
   {
    "orderId": 6691695204,
    "price": 111457.63,
    "quantity": 0.0097,
    "timestamp": 1760443226504,
    "side": "BUY"
   },
   {
    "orderId": 6730110757,
    "price": 108412.31,
    "quantity": 0.0016,
    "timestamp": 1760630554289,
    "side": "BUY"
   },
   {
    "orderId": 6744825708,
    "price": 105996.39,
    "quantity": 0.0074,
    "timestamp": 1760686659367,
    "side": "BUY"
   },
   {
    "orderId": 6744827357,
    "price": 106037.24,
    "quantity": 0.0061,
    "timestamp": 1760686662507,
    "side": "BUY"
   },
   {
    "orderId": 6744828092,
    "price": 106048.15,
    "quantity": 0.005,
    "timestamp": 1760686665642,
    "side": "BUY"
   },
   {
    "orderId": 6865142796,
    "price": 113445.0,
    "quantity": 0.03526,
    "timestamp": 1761512075202,
    "side": "SELL"
   },
   {
    "orderId": 6865150051,
    "price": 114463.23,
    "quantity": 0.02644,
    "timestamp": 1761516209411,
    "side": "SELL"
   },
   {
    "orderId": 6911270873,
    "price": 108308.61,
    "quantity": 0.0183,
    "timestamp": 1761798872716,
    "side": "BUY"
   },
   {
    "orderId": 6911272679,
    "price": 108352.96,
    "quantity": 0.0151,
    "timestamp": 1761798876161,
    "side": "BUY"
   },
   {
    "orderId": 6979794935,
    "price": 104525.82,
    "quantity": 0.0017,
    "timestamp": 1762235720958,
    "side": "BUY"
   },
   {
    "orderId": 6980010178,
    "price": 104558.1,
    "quantity": 0.0106,
    "timestamp": 1762236165292,
    "side": "BUY"
   },
   {
    "orderId": 6980011952,
    "price": 104510.33,
    "quantity": 0.0086,
    "timestamp": 1762236168607,
    "side": "BUY"
   },
   {
    "orderId": 6980013446,
    "price": 104566.13,
    "quantity": 0.0073,
    "timestamp": 1762236171928,
    "side": "BUY"
   },
   {
    "orderId": 7217068554,
    "price": 93504.96,
    "quantity": 0.0016,
    "timestamp": 1763483193724,
    "side": "SELL"
   },
   {
    "orderId": 7217069673,
    "price": 93471.916125,
    "quantity": 0.0016,
    "timestamp": 1763483197238,
    "side": "SELL"
   },
   {
    "orderId": 7217070506,
    "price": 93468.0,
    "quantity": 0.0016,
    "timestamp": 1763483200728,
    "side": "SELL"
   },
   {
    "orderId": 7217071470,
    "price": 93465.56,
    "quantity": 0.0016,
    "timestamp": 1763483204248,
    "side": "SELL"
   },
   {
    "orderId": 7217073433,
    "price": 93506.39,
    "quantity": 0.0016,
    "timestamp": 1763483208252,
    "side": "SELL"
   },
   {
    "orderId": 7261900949,
    "price": 84017.83,
    "quantity": 0.0102,
    "timestamp": 1763710741072,
    "side": "SELL"
   },
   {
    "orderId": 7261903685,
    "price": 84021.8,
    "quantity": 0.0083,
    "timestamp": 1763710744282,
    "side": "SELL"
   },
   {
    "orderId": 7261906949,
    "price": 83926.63,
    "quantity": 0.007,
    "timestamp": 1763710747491,
    "side": "SELL"
   },
   {
    "orderId": 7261908952,
    "price": 83879.51,
    "quantity": 0.0057,
    "timestamp": 1763710750684,
    "side": "SELL"
   },
   {
    "orderId": 7264015569,
    "price": 83596.79,
    "quantity": 0.0064,
    "timestamp": 1763716659768,
    "side": "BUY"
   },
   {
    "orderId": 7352848064,
    "price": 90236.0,
    "quantity": 0.0012,
    "timestamp": 1764194793769,
    "side": "SELL"
   },
   {
    "orderId": 7352837547,
    "price": 90278.0,
    "quantity": 0.002,
    "timestamp": 1764194885719,
    "side": "SELL"
   },
   {
    "orderId": 7352832996,
    "price": 90280.0,
    "quantity": 0.0022,
    "timestamp": 1764194885733,
    "side": "SELL"
   },
   {
    "orderId": 7352818755,
    "price": 90286.0,
    "quantity": 0.0041,
    "timestamp": 1764194885733,
    "side": "SELL"
   },
   {
    "orderId": 7352829701,
    "price": 90292.0,
    "quantity": 0.0027,
    "timestamp": 1764194889783,
    "side": "SELL"
   },
   {
    "orderId": 7352825122,
    "price": 90295.0,
    "quantity": 0.0033,
    "timestamp": 1764194889783,
    "side": "SELL"
   },
   {
    "orderId": 7352843705,
    "price": 90298.0,
    "quantity": 0.0016,
    "timestamp": 1764194889783,
    "side": "SELL"
   },
   {
    "orderId": 7352812385,
    "price": 90352.0,
    "quantity": 0.0048,
    "timestamp": 1764195050546,
    "side": "SELL"
   },
   {
    "orderId": 7352806064,
    "price": 90388.0,
    "quantity": 0.0058,
    "timestamp": 1764195071906,
    "side": "SELL"
   },
   {
    "orderId": 7363618872,
    "price": 91506.0,
    "quantity": 0.0011,
    "timestamp": 1764306570042,
    "side": "SELL"
   },
   {
    "orderId": 7448579219,
    "price": 89258.81,
    "quantity": 0.0015,
    "timestamp": 1764951817253,
    "side": "BUY"
   },
   {
    "orderId": 7448580764,
    "price": 89257.71,
    "quantity": 0.0015,
    "timestamp": 1764951823155,
    "side": "BUY"
   },
   {
    "orderId": 7448581504,
    "price": 89241.79,
    "quantity": 0.0013,
    "timestamp": 1764951826296,
    "side": "BUY"
   },
   {
    "orderId": 7448582733,
    "price": 89233.75661538,
    "quantity": 0.0013,
    "timestamp": 1764951829445,
    "side": "BUY"
   },
   {
    "orderId": 7448583926,
    "price": 89230.85,
    "quantity": 0.0013,
    "timestamp": 1764951833049,
    "side": "BUY"
   },
   {
    "orderId": 7522950220,
    "price": 89933.01,
    "quantity": 0.0033,
    "timestamp": 1765555656929,
    "side": "BUY"
   },
   {
    "orderId": 7522951383,
    "price": 89918.62,
    "quantity": 0.0028,
    "timestamp": 1765555660216,
    "side": "BUY"
   },
   {
    "orderId": 7544609909,
    "price": 86924.74,
    "quantity": 0.0012,
    "timestamp": 1765812483010,
    "side": "BUY"
   },
   {
    "orderId": 7544615365,
    "price": 86876.96,
    "quantity": 0.0012,
    "timestamp": 1765812493512,
    "side": "BUY"
   },
   {
    "orderId": 7571686269,
    "price": 87354.52,
    "quantity": 0.0055,
    "timestamp": 1765987584121,
    "side": "BUY"
   },
   {
    "orderId": 7586230814,
    "price": 86009.42234211,
    "quantity": 0.0038,
    "timestamp": 1766078570163,
    "side": "BUY"
   },
   {
    "orderId": 7654407010,
    "price": 86798.99,
    "quantity": 0.0047,
    "timestamp": 1766762431999,
    "side": "BUY"
   },
   {
    "orderId": 7883931953,
    "price": 88309.49,
    "quantity": 0.0023,
    "timestamp": 1769014366007,
    "side": "BUY"
   },
   {
    "orderId": 8063076133,
    "price": 75840.85,
    "quantity": 0.0061,
    "timestamp": 1770139180332,
    "side": "BUY"
   },
   {
    "orderId": 8094697643,
    "price": 70908.61,
    "quantity": 0.0037,
    "timestamp": 1770264857159,
    "side": "BUY"
   },
   {
    "orderId": 8658675654,
    "price": 72163.72,
    "quantity": 0.0015,
    "timestamp": 1773416994466,
    "side": "BUY"
   },
   {
    "orderId": 9211293907,
    "price": 80000.68,
    "quantity": 0.0106,
    "timestamp": 1778186983680,
    "side": "SELL"
   },
   {
    "orderId": 9242789569,
    "price": 81781.97,
    "quantity": 0.0126,
    "timestamp": 1778540476950,
    "side": "BUY"
   },
   {
    "orderId": 9274550483,
    "price": 80523.64,
    "quantity": 0.0111,
    "timestamp": 1778824316939,
    "side": "SELL"
   },
   {
    "orderId": 9321369741,
    "price": 77467.38,
    "quantity": 0.0018,
    "timestamp": 1779286626466,
    "side": "SELL"
   },
   {
    "orderId": 9321400666,
    "price": 77378.53,
    "quantity": 0.0017,
    "timestamp": 1779286692099,
    "side": "SELL"
   },
   {
    "orderId": 9321426288,
    "price": 77422.9,
    "quantity": 0.0016,
    "timestamp": 1779286756042,
    "side": "SELL"
   },
   {
    "orderId": 9332807063,
    "price": 77857.75,
    "quantity": 0.0032,
    "timestamp": 1779384309853,
    "side": "SELL"
   },
   {
    "orderId": 9332822612,
    "price": 77896.85,
    "quantity": 0.0028,
    "timestamp": 1779384373011,
    "side": "SELL"
   }
  ],
  "TAOUSDC": [
   {
    "orderId": 17853194,
    "price": 570.2,
    "quantity": 1.7537,
    "timestamp": 1734315794736,
    "side": "BUY"
   },
   {
    "orderId": 19454153,
    "price": 461.5,
    "quantity": 2.139,
    "timestamp": 1734630498413,
    "side": "BUY"
   },
   {
    "orderId": 19418722,
    "price": 460.5,
    "quantity": 4.3431,
    "timestamp": 1734630542320,
    "side": "BUY"
   },
   {
    "orderId": 19731496,
    "price": 450.4,
    "quantity": 2.172,
    "timestamp": 1734649459750,
    "side": "BUY"
   },
   {
    "orderId": 19731632,
    "price": 431.4,
    "quantity": 2.2202,
    "timestamp": 1734683204537,
    "side": "BUY"
   },
   {
    "orderId": 36929904,
    "price": 416.82201451,
    "quantity": 4.7982,
    "timestamp": 1737846692585,
    "side": "BUY"
   },
   {
    "orderId": 36961529,
    "price": 412.81112946,
    "quantity": 4.8448,
    "timestamp": 1737848672796,
    "side": "SELL"
   },
   {
    "orderId": 36962607,
    "price": 411.92425235,
    "quantity": 4.8552,
    "timestamp": 1737848779118,
    "side": "BUY"
   },
   {
    "orderId": 36963009,
    "price": 412.38273331,
    "quantity": 4.8498,
    "timestamp": 1737848806671,
    "side": "SELL"
   },
   {
    "orderId": 36971862,
    "price": 408.09008937,
    "quantity": 4.9008,
    "timestamp": 1737849538458,
    "side": "BUY"
   },
   {
    "orderId": 36978600,
    "price": 411.02293101,
    "quantity": 4.8659,
    "timestamp": 1737849962493,
    "side": "SELL"
   },
   {
    "orderId": 36979625,
    "price": 409.72067892,
    "quantity": 4.8813,
    "timestamp": 1737850020391,
    "side": "BUY"
   },
   {
    "orderId": 36988508,
    "price": 410.91903598,
    "quantity": 4.8671,
    "timestamp": 1737850666251,
    "side": "SELL"
   },
   {
    "orderId": 37012346,
    "price": 419.7,
    "quantity": 4.7653,
    "timestamp": 1737852586438,
    "side": "SELL"
   },
   {
    "orderId": 37019380,
    "price": 415.88441464,
    "quantity": 4.809,
    "timestamp": 1737853159609,
    "side": "BUY"
   },
   {
    "orderId": 37020632,
    "price": 414.18464804,
    "quantity": 4.8287,
    "timestamp": 1737853251190,
    "side": "BUY"
   },
   {
    "orderId": 37043262,
    "price": 417.8,
    "quantity": 4.8685,
    "timestamp": 1737881714073,
    "side": "SELL"
   },
   {
    "orderId": 37660072,
    "price": 451.40853165,
    "quantity": 11.0764,
    "timestamp": 1737924258701,
    "side": "SELL"
   },
   {
    "orderId": 59822571,
    "price": 409.6,
    "quantity": 2.4348,
    "timestamp": 1740383016909,
    "side": "BUY"
   },
   {
    "orderId": 77124336,
    "price": 272.9,
    "quantity": 3.6643,
    "timestamp": 1741390620397,
    "side": "BUY"
   },
   {
    "orderId": 77125980,
    "price": 262.9,
    "quantity": 3.6643,
    "timestamp": 1741517533854,
    "side": "BUY"
   },
   {
    "orderId": 79427496,
    "price": 243.4,
    "quantity": 0.5681,
    "timestamp": 1741612784555,
    "side": "BUY"
   },
   {
    "orderId": 84887447,
    "price": 236.4,
    "quantity": 4.2301,
    "timestamp": 1741900373383,
    "side": "BUY"
   },
   {
    "orderId": 134413735,
    "price": 334.7,
    "quantity": 44.8162,
    "timestamp": 1745325131729,
    "side": "SELL"
   },
   {
    "orderId": 134715506,
    "price": 347.8,
    "quantity": 10.4106,
    "timestamp": 1745334076551,
    "side": "SELL"
   },
   {
    "orderId": 135152248,
    "price": 334.1,
    "quantity": 5.9559,
    "timestamp": 1745353034126,
    "side": "BUY"
   },
   {
    "orderId": 135201813,
    "price": 331.5,
    "quantity": 5.9435,
    "timestamp": 1745354179394,
    "side": "BUY"
   },
   {
    "orderId": 135231984,
    "price": 331.5,
    "quantity": 12.0663,
    "timestamp": 1745356417341,
    "side": "BUY"
   },
   {
    "orderId": 135335711,
    "price": 331.1,
    "quantity": 11.9367,
    "timestamp": 1745362057351,
    "side": "BUY"
   },
   {
    "orderId": 135444042,
    "price": 331.0,
    "quantity": 5.9719,
    "timestamp": 1745377760496,
    "side": "BUY"
   },
   {
    "orderId": 136370157,
    "price": 336.08548895,
    "quantity": 8.9263,
    "timestamp": 1745415479722,
    "side": "BUY"
   },
   {
    "orderId": 138095854,
    "price": 348.585164,
    "quantity": 10.0,
    "timestamp": 1745507660425,
    "side": "SELL"
   },
   {
    "orderId": 138096358,
    "price": 348.5,
    "quantity": 28.6944,
    "timestamp": 1745507719773,
    "side": "SELL"
   },
   {
    "orderId": 138100716,
    "price": 349.744261,
    "quantity": 10.0,
    "timestamp": 1745507756564,
    "side": "SELL"
   },
   {
    "orderId": 138659359,
    "price": 359.9,
    "quantity": 2.3074,
    "timestamp": 1745526601150,
    "side": "SELL"
   },
   {
    "orderId": 138656962,
    "price": 341.1,
    "quantity": 5.5601,
    "timestamp": 1745658277495,
    "side": "BUY"
   },
   {
    "orderId": 142770282,
    "price": 362.5,
    "quantity": 5.5325,
    "timestamp": 1745819660798,
    "side": "SELL"
   },
   {
    "orderId": 141761865,
    "price": 341.0,
    "quantity": 11.2676,
    "timestamp": 1746020495453,
    "side": "BUY"
   },
   {
    "orderId": 145850348,
    "price": 348.1,
    "quantity": 11.1079,
    "timestamp": 1746024685306,
    "side": "SELL"
   },
   {
    "orderId": 162231685,
    "price": 472.4,
    "quantity": 8.4727,
    "timestamp": 1747036761136,
    "side": "BUY"
   },
   {
    "orderId": 162227765,
    "price": 470.1,
    "quantity": 10.636,
    "timestamp": 1747036893617,
    "side": "BUY"
   },
   {
    "orderId": 162238509,
    "price": 470.0,
    "quantity": 8.4674,
    "timestamp": 1747036894000,
    "side": "BUY"
   },
   {
    "orderId": 162251655,
    "price": 468.0,
    "quantity": 2.1367,
    "timestamp": 1747037169457,
    "side": "BUY"
   },
   {
    "orderId": 162268151,
    "price": 448.0,
    "quantity": 2.2321,
    "timestamp": 1747060249972,
    "side": "BUY"
   },
   {
    "orderId": 163503840,
    "price": 442.8,
    "quantity": 2.2527,
    "timestamp": 1747075339047,
    "side": "BUY"
   },
   {
    "orderId": 166538359,
    "price": 449.0,
    "quantity": 2.2143,
    "timestamp": 1747232122330,
    "side": "BUY"
   },
   {
    "orderId": 167397284,
    "price": 430.7,
    "quantity": 2.2691,
    "timestamp": 1747291112686,
    "side": "BUY"
   },
   {
    "orderId": 163508031,
    "price": 420.8,
    "quantity": 0.2434,
    "timestamp": 1747295492529,
    "side": "BUY"
   },
   {
    "orderId": 167585051,
    "price": 429.0,
    "quantity": 2.3408,
    "timestamp": 1747299211782,
    "side": "SELL"
   },
   {
    "orderId": 170109920,
    "price": 430.1,
    "quantity": 2.3255,
    "timestamp": 1747438396409,
    "side": "BUY"
   },
   {
    "orderId": 168153036,
    "price": 420.7,
    "quantity": 2.3769,
    "timestamp": 1747443650795,
    "side": "BUY"
   },
   {
    "orderId": 163506531,
    "price": 410.8,
    "quantity": 2.4224,
    "timestamp": 1747490173704,
    "side": "BUY"
   },
   {
    "orderId": 177556300,
    "price": 475.0,
    "quantity": 1.0,
    "timestamp": 1747899725731,
    "side": "SELL"
   },
   {
    "orderId": 178030216,
    "price": 474.0,
    "quantity": 1.0,
    "timestamp": 1747926812178,
    "side": "SELL"
   },
   {
    "orderId": 178030997,
    "price": 474.0,
    "quantity": 1.0,
    "timestamp": 1747926812178,
    "side": "SELL"
   },
   {
    "orderId": 178031524,
    "price": 474.0,
    "quantity": 1.0,
    "timestamp": 1747926965311,
    "side": "SELL"
   },
   {
    "orderId": 178032046,
    "price": 474.0,
    "quantity": 1.0,
    "timestamp": 1747926976395,
    "side": "SELL"
   },
   {
    "orderId": 178032695,
    "price": 474.0,
    "quantity": 1.0,
    "timestamp": 1747926976395,
    "side": "SELL"
   },
   {
    "orderId": 178033388,
    "price": 474.0,
    "quantity": 1.0,
    "timestamp": 1747927138825,
    "side": "SELL"
   },
   {
    "orderId": 178034236,
    "price": 474.0,
    "quantity": 1.0,
    "timestamp": 1747927140580,
    "side": "SELL"
   },
   {
    "orderId": 178035030,
    "price": 474.0,
    "quantity": 1.0,
    "timestamp": 1747927140580,
    "side": "SELL"
   },
   {
    "orderId": 178193921,
    "price": 474.3,
    "quantity": 1.0,
    "timestamp": 1747939536141,
    "side": "SELL"
   },
   {
    "orderId": 178194988,
    "price": 474.0,
    "quantity": 1.0,
    "timestamp": 1747939752440,
    "side": "SELL"
   },
   {
    "orderId": 178195564,
    "price": 474.0,
    "quantity": 1.0,
    "timestamp": 1747939752440,
    "side": "SELL"
   },
   {
    "orderId": 178193370,
    "price": 475.0,
    "quantity": 1.0,
    "timestamp": 1747939805634,
    "side": "SELL"
   },
   {
    "orderId": 178194434,
    "price": 475.0,
    "quantity": 1.0,
    "timestamp": 1747939805634,
    "side": "SELL"
   },
   {
    "orderId": 178953578,
    "price": 440.9,
    "quantity": 11.3404,
    "timestamp": 1748003103741,
    "side": "BUY"
   },
   {
    "orderId": 178996511,
    "price": 444.9,
    "quantity": 13.4831,
    "timestamp": 1748004329090,
    "side": "SELL"
   },
   {
    "orderId": 178999466,
    "price": 438.0,
    "quantity": 4.1621,
    "timestamp": 1748030544706,
    "side": "BUY"
   },
   {
    "orderId": 180933325,
    "price": 413.2,
    "quantity": 4.832,
    "timestamp": 1748185821324,
    "side": "BUY"
   },
   {
    "orderId": 181077030,
    "price": 417.7,
    "quantity": 4.83,
    "timestamp": 1748197498330,
    "side": "SELL"
   },
   {
    "orderId": 181191480,
    "price": 432.0,
    "quantity": 0.4629,
    "timestamp": 1748212384590,
    "side": "SELL"
   },
   {
    "orderId": 181200450,
    "price": 430.90801797,
    "quantity": 4.6296,
    "timestamp": 1748212539371,
    "side": "SELL"
   },
   {
    "orderId": 183053893,
    "price": 444.8,
    "quantity": 11.2663,
    "timestamp": 1748362982833,
    "side": "SELL"
   },
   {
    "orderId": 183065208,
    "price": 449.6,
    "quantity": 11.1209,
    "timestamp": 1748369472837,
    "side": "SELL"
   },
   {
    "orderId": 183177976,
    "price": 453.3119583,
    "quantity": 4.412,
    "timestamp": 1748374815517,
    "side": "SELL"
   },
   {
    "orderId": 183219798,
    "price": 447.0,
    "quantity": 6.5516,
    "timestamp": 1748384251885,
    "side": "BUY"
   },
   {
    "orderId": 183247905,
    "price": 443.8,
    "quantity": 6.7598,
    "timestamp": 1748423810416,
    "side": "BUY"
   },
   {
    "orderId": 183730248,
    "price": 449.0,
    "quantity": 1.1307,
    "timestamp": 1748435784593,
    "side": "SELL"
   },
   {
    "orderId": 183865905,
    "price": 437.1,
    "quantity": 11.4129,
    "timestamp": 1748441197026,
    "side": "BUY"
   },
   {
    "orderId": 183058593,
    "price": 434.0,
    "quantity": 11.5207,
    "timestamp": 1748441943234,
    "side": "BUY"
   },
   {
    "orderId": 183931997,
    "price": 428.0,
    "quantity": 2.3094,
    "timestamp": 1748447739319,
    "side": "BUY"
   },
   {
    "orderId": 184193943,
    "price": 433.6,
    "quantity": 2.3169,
    "timestamp": 1748468532913,
    "side": "SELL"
   },
   {
    "orderId": 185075337,
    "price": 408.0,
    "quantity": 2.4509,
    "timestamp": 1748566424695,
    "side": "BUY"
   },
   {
    "orderId": 175108737,
    "price": 403.3,
    "quantity": 2.4795,
    "timestamp": 1748566642533,
    "side": "BUY"
   },
   {
    "orderId": 185075553,
    "price": 396.0,
    "quantity": 2.4509,
    "timestamp": 1748620923315,
    "side": "BUY"
   },
   {
    "orderId": 188362062,
    "price": 434.66727283,
    "quantity": 9.2165,
    "timestamp": 1748756139494,
    "side": "SELL"
   },
   {
    "orderId": 188362439,
    "price": 434.83670355,
    "quantity": 9.2081,
    "timestamp": 1748756167578,
    "side": "SELL"
   },
   {
    "orderId": 188363404,
    "price": 431.1,
    "quantity": 9.2785,
    "timestamp": 1748757588182,
    "side": "BUY"
   },
   {
    "orderId": 188656406,
    "price": 401.0,
    "quantity": 2.5706,
    "timestamp": 1748890114933,
    "side": "BUY"
   },
   {
    "orderId": 188656134,
    "price": 389.0,
    "quantity": 12.8534,
    "timestamp": 1748938550888,
    "side": "BUY"
   },
   {
    "orderId": 191110344,
    "price": 386.0,
    "quantity": 2.156,
    "timestamp": 1749045903979,
    "side": "BUY"
   },
   {
    "orderId": 195384224,
    "price": 419.4,
    "quantity": 23.8379,
    "timestamp": 1749504588258,
    "side": "SELL"
   },
   {
    "orderId": 195383310,
    "price": 419.5,
    "quantity": 2.3946,
    "timestamp": 1749504588261,
    "side": "SELL"
   },
   {
    "orderId": 195386398,
    "price": 422.0,
    "quantity": 23.8435,
    "timestamp": 1749504958749,
    "side": "SELL"
   },
   {
    "orderId": 195404001,
    "price": 424.0,
    "quantity": 0.7109,
    "timestamp": 1749505553239,
    "side": "SELL"
   },
   {
    "orderId": 195432363,
    "price": 426.0,
    "quantity": 4.7169,
    "timestamp": 1749507008870,
    "side": "BUY"
   },
   {
    "orderId": 195431923,
    "price": 424.0,
    "quantity": 4.852,
    "timestamp": 1749507651452,
    "side": "BUY"
   },
   {
    "orderId": 195408320,
    "price": 421.2,
    "quantity": 7.1225,
    "timestamp": 1749508457394,
    "side": "BUY"
   },
   {
    "orderId": 195434564,
    "price": 428.5,
    "quantity": 4.6674,
    "timestamp": 1749515727536,
    "side": "SELL"
   },
   {
    "orderId": 195912029,
    "price": 438.8,
    "quantity": 11.9677,
    "timestamp": 1749555610694,
    "side": "SELL"
   },
   {
    "orderId": 195408726,
    "price": 412.2,
    "quantity": 23.7416,
    "timestamp": 1749672290494,
    "side": "BUY"
   },
   {
    "orderId": 197728832,
    "price": 410.0,
    "quantity": 2.2,
    "timestamp": 1749677620749,
    "side": "BUY"
   },
   {
    "orderId": 197782847,
    "price": 408.0,
    "quantity": 2.2,
    "timestamp": 1749677888267,
    "side": "BUY"
   },
   {
    "orderId": 197787557,
    "price": 404.0,
    "quantity": 2.2,
    "timestamp": 1749679048433,
    "side": "BUY"
   },
   {
    "orderId": 197803948,
    "price": 401.1,
    "quantity": 2.4721,
    "timestamp": 1749681571269,
    "side": "BUY"
   },
   {
    "orderId": 198055937,
    "price": 397.0,
    "quantity": 1.0,
    "timestamp": 1749700074722,
    "side": "BUY"
   },
   {
    "orderId": 198054715,
    "price": 396.0,
    "quantity": 1.0,
    "timestamp": 1749700384035,
    "side": "BUY"
   },
   {
    "orderId": 198055256,
    "price": 396.0,
    "quantity": 1.0,
    "timestamp": 1749700384035,
    "side": "BUY"
   },
   {
    "orderId": 196697484,
    "price": 392.0,
    "quantity": 7.4534,
    "timestamp": 1749703550389,
    "side": "BUY"
   },
   {
    "orderId": 198210683,
    "price": 393.0,
    "quantity": 1.0,
    "timestamp": 1749714616022,
    "side": "BUY"
   },
   {
    "orderId": 198341220,
    "price": 394.0,
    "quantity": 1.0,
    "timestamp": 1749725638987,
    "side": "BUY"
   },
   {
    "orderId": 198339016,
    "price": 393.0,
    "quantity": 1.0,
    "timestamp": 1749727813954,
    "side": "BUY"
   },
   {
    "orderId": 198341717,
    "price": 393.0,
    "quantity": 1.0,
    "timestamp": 1749727813956,
    "side": "BUY"
   },
   {
    "orderId": 198341422,
    "price": 392.0,
    "quantity": 2.2,
    "timestamp": 1749729919876,
    "side": "BUY"
   },
   {
    "orderId": 198365181,
    "price": 391.0,
    "quantity": 2.2,
    "timestamp": 1749730188963,
    "side": "BUY"
   },
   {
    "orderId": 198434227,
    "price": 397.3,
    "quantity": 3.743,
    "timestamp": 1749733472594,
    "side": "SELL"
   },
   {
    "orderId": 198441726,
    "price": 397.948947,
    "quantity": 10.0,
    "timestamp": 1749734195448,
    "side": "SELL"
   },
   {
    "orderId": 198828308,
    "price": 383.0,
    "quantity": 2.2,
    "timestamp": 1749760763108,
    "side": "BUY"
   },
   {
    "orderId": 198857155,
    "price": 380.0,
    "quantity": 2.6246,
    "timestamp": 1749761617671,
    "side": "BUY"
   },
   {
    "orderId": 198904162,
    "price": 384.0,
    "quantity": 2.2,
    "timestamp": 1749765374948,
    "side": "BUY"
   },
   {
    "orderId": 198862199,
    "price": 364.2,
    "quantity": 2.6315,
    "timestamp": 1749774972747,
    "side": "BUY"
   },
   {
    "orderId": 199763025,
    "price": 360.0,
    "quantity": 1.0,
    "timestamp": 1749918377031,
    "side": "BUY"
   },
   {
    "orderId": 199760122,
    "price": 359.0,
    "quantity": 1.0,
    "timestamp": 1749918657765,
    "side": "BUY"
   },
   {
    "orderId": 199761618,
    "price": 359.0,
    "quantity": 1.0,
    "timestamp": 1749918657765,
    "side": "BUY"
   },
   {
    "orderId": 199758806,
    "price": 358.0,
    "quantity": 1.0,
    "timestamp": 1749918711940,
    "side": "BUY"
   },
   {
    "orderId": 203005817,
    "price": 387.1,
    "quantity": 12.9065,
    "timestamp": 1750105021823,
    "side": "SELL"
   },
   {
    "orderId": 203008505,
    "price": 387.294878,
    "quantity": 10.0,
    "timestamp": 1750105139781,
    "side": "SELL"
   },
   {
    "orderId": 203008723,
    "price": 387.406043,
    "quantity": 10.0,
    "timestamp": 1750105167726,
    "side": "SELL"
   },
   {
    "orderId": 203009788,
    "price": 387.498946,
    "quantity": 10.0,
    "timestamp": 1750105335963,
    "side": "SELL"
   },
   {
    "orderId": 203010722,
    "price": 387.52697852,
    "quantity": 25.8046,
    "timestamp": 1750105460277,
    "side": "BUY"
   },
   {
    "orderId": 203011297,
    "price": 387.30101938,
    "quantity": 12.9098,
    "timestamp": 1750105588862,
    "side": "BUY"
   },
   {
    "orderId": 203938836,
    "price": 351.9,
    "quantity": 1.0,
    "timestamp": 1750158262543,
    "side": "BUY"
   },
   {
    "orderId": 198864132,
    "price": 344.2,
    "quantity": 2.9052,
    "timestamp": 1750173017967,
    "side": "BUY"
   },
   {
    "orderId": 204459726,
    "price": 339.0,
    "quantity": 1.0,
    "timestamp": 1750183971867,
    "side": "BUY"
   },
   {
    "orderId": 204680238,
    "price": 350.9,
    "quantity": 1.0,
    "timestamp": 1750195906286,
    "side": "BUY"
   },
   {
    "orderId": 204680511,
    "price": 350.0,
    "quantity": 1.0,
    "timestamp": 1750196116725,
    "side": "BUY"
   },
   {
    "orderId": 204864283,
    "price": 352.0,
    "quantity": 0.6883,
    "timestamp": 1750214417869,
    "side": "BUY"
   },
   {
    "orderId": 205861249,
    "price": 364.0,
    "quantity": 2.0,
    "timestamp": 1750280043195,
    "side": "SELL"
   },
   {
    "orderId": 205966413,
    "price": 367.0,
    "quantity": 2.0,
    "timestamp": 1750293146121,
    "side": "SELL"
   },
   {
    "orderId": 206821365,
    "price": 345.0,
    "quantity": 2.0,
    "timestamp": 1750396906032,
    "side": "BUY"
   },
   {
    "orderId": 206848598,
    "price": 345.2,
    "quantity": 2.2318,
    "timestamp": 1750399281065,
    "side": "BUY"
   },
   {
    "orderId": 206849430,
    "price": 346.1,
    "quantity": 2.0,
    "timestamp": 1750399435143,
    "side": "SELL"
   },
   {
    "orderId": 207413020,
    "price": 333.0,
    "quantity": 2.0,
    "timestamp": 1750440052946,
    "side": "BUY"
   },
   {
    "orderId": 210795589,
    "price": 322.0,
    "quantity": 2.0,
    "timestamp": 1750687412264,
    "side": "SELL"
   },
   {
    "orderId": 210797507,
    "price": 318.1,
    "quantity": 2.1025,
    "timestamp": 1750687423059,
    "side": "BUY"
   },
   {
    "orderId": 211543185,
    "price": 336.0,
    "quantity": 2.0,
    "timestamp": 1750713102765,
    "side": "SELL"
   },
   {
    "orderId": 213731470,
    "price": 333.0,
    "quantity": 1.9697,
    "timestamp": 1750861205078,
    "side": "BUY"
   },
   {
    "orderId": 214599024,
    "price": 331.0,
    "quantity": 6.0,
    "timestamp": 1750923499368,
    "side": "SELL"
   },
   {
    "orderId": 214782479,
    "price": 318.0,
    "quantity": 6.0,
    "timestamp": 1750940330566,
    "side": "BUY"
   },
   {
    "orderId": 216291853,
    "price": 321.0,
    "quantity": 6.0,
    "timestamp": 1751083309678,
    "side": "SELL"
   },
   {
    "orderId": 217341898,
    "price": 335.9,
    "quantity": 6.0,
    "timestamp": 1751265784175,
    "side": "BUY"
   },
   {
    "orderId": 219133076,
    "price": 338.0,
    "quantity": 6.0,
    "timestamp": 1751476043257,
    "side": "SELL"
   },
   {
    "orderId": 217843720,
    "price": 339.0,
    "quantity": 12.0,
    "timestamp": 1751476621201,
    "side": "SELL"
   },
   {
    "orderId": 219139756,
    "price": 339.0,
    "quantity": 6.0,
    "timestamp": 1751476621447,
    "side": "SELL"
   },
   {
    "orderId": 219518035,
    "price": 337.0,
    "quantity": 0.074,
    "timestamp": 1751513409404,
    "side": "SELL"
   },
   {
    "orderId": 219518179,
    "price": 337.0,
    "quantity": 12.0,
    "timestamp": 1751515007557,
    "side": "SELL"
   },
   {
    "orderId": 219523141,
    "price": 335.0,
    "quantity": 6.0,
    "timestamp": 1751513507173,
    "side": "BUY"
   },
   {
    "orderId": 219519740,
    "price": 339.0,
    "quantity": 18.0,
    "timestamp": 1751518552550,
    "side": "SELL"
   },
   {
    "orderId": 219586313,
    "price": 341.0,
    "quantity": 7.2035,
    "timestamp": 1751519394685,
    "side": "SELL"
   },
   {
    "orderId": 219868580,
    "price": 335.0,
    "quantity": 18.0,
    "timestamp": 1751546259431,
    "side": "BUY"
   },
   {
    "orderId": 219867475,
    "price": 334.0,
    "quantity": 6.0,
    "timestamp": 1751546374997,
    "side": "BUY"
   },
   {
    "orderId": 220051057,
    "price": 333.7,
    "quantity": 4.3015,
    "timestamp": 1751555124977,
    "side": "BUY"
   },
   {
    "orderId": 219523143,
    "price": 333.0,
    "quantity": 9.8165,
    "timestamp": 1751555289248,
    "side": "BUY"
   },
   {
    "orderId": 219868568,
    "price": 333.0,
    "quantity": 12.0,
    "timestamp": 1751555289248,
    "side": "BUY"
   },
   {
    "orderId": 219873872,
    "price": 332.0,
    "quantity": 6.0,
    "timestamp": 1751556899785,
    "side": "BUY"
   },
   {
    "orderId": 220183445,
    "price": 336.0,
    "quantity": 18.0,
    "timestamp": 1751569513564,
    "side": "SELL"
   },
   {
    "orderId": 220412031,
    "price": 327.9,
    "quantity": 6.4978,
    "timestamp": 1751613057031,
    "side": "BUY"
   },
   {
    "orderId": 220411565,
    "price": 326.0,
    "quantity": 12.0,
    "timestamp": 1751613587634,
    "side": "BUY"
   },
   {
    "orderId": 223267729,
    "price": 342.0,
    "quantity": 12.0,
    "timestamp": 1752089850717,
    "side": "SELL"
   },
   {
    "orderId": 223268300,
    "price": 342.0,
    "quantity": 18.0,
    "timestamp": 1752089850717,
    "side": "SELL"
   },
   {
    "orderId": 223419658,
    "price": 348.0,
    "quantity": 6.0,
    "timestamp": 1752097525718,
    "side": "SELL"
   },
   {
    "orderId": 223582420,
    "price": 348.25265138,
    "quantity": 2.8702,
    "timestamp": 1752113947253,
    "side": "SELL"
   },
   {
    "orderId": 223582456,
    "price": 348.3,
    "quantity": 2.8719,
    "timestamp": 1752113957718,
    "side": "SELL"
   },
   {
    "orderId": 223582525,
    "price": 348.35263488,
    "quantity": 2.8711,
    "timestamp": 1752113968167,
    "side": "SELL"
   },
   {
    "orderId": 223582622,
    "price": 348.4,
    "quantity": 2.8711,
    "timestamp": 1752113978606,
    "side": "SELL"
   },
   {
    "orderId": 223582719,
    "price": 348.23174692,
    "quantity": 2.8702,
    "timestamp": 1752113989069,
    "side": "SELL"
   },
   {
    "orderId": 223582389,
    "price": 351.0,
    "quantity": 6.0,
    "timestamp": 1752116842058,
    "side": "SELL"
   },
   {
    "orderId": 225817217,
    "price": 400.012405,
    "quantity": 6.0,
    "timestamp": 1752264760227,
    "side": "BUY"
   },
   {
    "orderId": 225822782,
    "price": 400.4,
    "quantity": 12.0,
    "timestamp": 1752265303976,
    "side": "BUY"
   },
   {
    "orderId": 226282065,
    "price": 393.5,
    "quantity": 3.0375,
    "timestamp": 1752295619955,
    "side": "BUY"
   },
   {
    "orderId": 611103971,
    "price": 287.0,
    "quantity": 0.402,
    "timestamp": 1779387728669,
    "side": "SELL"
   },
   {
    "orderId": 611190697,
    "price": 286.0,
    "quantity": 12.984,
    "timestamp": 1779449925749,
    "side": "SELL"
   },
   {
    "orderId": 611087439,
    "price": 289.0,
    "quantity": 1.4221,
    "timestamp": 1779450507859,
    "side": "SELL"
   },
   {
    "orderId": 612264397,
    "price": 264.3,
    "quantity": 0.5339,
    "timestamp": 1779493891126,
    "side": "BUY"
   },
   {
    "orderId": 612264458,
    "price": 264.4,
    "quantity": 0.5231,
    "timestamp": 1779493894091,
    "side": "BUY"
   },
   {
    "orderId": 612264483,
    "price": 264.41047192,
    "quantity": 0.5128,
    "timestamp": 1779493896630,
    "side": "BUY"
   },
   {
    "orderId": 612264529,
    "price": 264.5,
    "quantity": 0.5024,
    "timestamp": 1779493899160,
    "side": "BUY"
   },
   {
    "orderId": 612264565,
    "price": 264.5,
    "quantity": 0.4919,
    "timestamp": 1779493903945,
    "side": "BUY"
   },
   {
    "orderId": 612264638,
    "price": 264.5,
    "quantity": 0.4819,
    "timestamp": 1779493906474,
    "side": "BUY"
   },
   {
    "orderId": 612264657,
    "price": 264.5,
    "quantity": 0.4723,
    "timestamp": 1779493909005,
    "side": "BUY"
   },
   {
    "orderId": 612264705,
    "price": 264.4,
    "quantity": 0.463,
    "timestamp": 1779493911525,
    "side": "BUY"
   },
   {
    "orderId": 612264715,
    "price": 264.4,
    "quantity": 0.4536,
    "timestamp": 1779493914054,
    "side": "BUY"
   },
   {
    "orderId": 612264719,
    "price": 264.4,
    "quantity": 0.4447,
    "timestamp": 1779493917098,
    "side": "BUY"
   },
   {
    "orderId": 612264732,
    "price": 264.5,
    "quantity": 0.4359,
    "timestamp": 1779493919632,
    "side": "BUY"
   },
   {
    "orderId": 612264809,
    "price": 264.5,
    "quantity": 0.4272,
    "timestamp": 1779493922159,
    "side": "BUY"
   },
   {
    "orderId": 612264873,
    "price": 264.6,
    "quantity": 0.4186,
    "timestamp": 1779493924700,
    "side": "BUY"
   },
   {
    "orderId": 612264883,
    "price": 264.6,
    "quantity": 0.4102,
    "timestamp": 1779493927220,
    "side": "BUY"
   },
   {
    "orderId": 612265027,
    "price": 264.8,
    "quantity": 0.4016,
    "timestamp": 1779493930263,
    "side": "BUY"
   },
   {
    "orderId": 612265077,
    "price": 264.9,
    "quantity": 0.3936,
    "timestamp": 1779493932802,
    "side": "BUY"
   },
   {
    "orderId": 612265097,
    "price": 264.8,
    "quantity": 0.3856,
    "timestamp": 1779493935335,
    "side": "BUY"
   },
   {
    "orderId": 612265100,
    "price": 264.8,
    "quantity": 0.378,
    "timestamp": 1779493937863,
    "side": "BUY"
   }
  ]
 },
 "fetchtime": {
  "BTCUSDC": 1779386979735,
  "TAOUSDC": 1779698356116
 }
}